%% This BibTeX bibliography file was created using BibDesk.
%% http://bibdesk.sourceforge.net/

%% Created for Kensaku Hayashi at 2017-08-02 15:03:39 +0900 

%% Saved with string encoding Unicode (UTF-8) 


@BOOK{bib1,
	author = "F. Imamura and A. Yalciner and G. Ozyurt", 
	title = "Tsunami Modeling Manual (TUNAMI Model)",
	year         = 2006,
    publisher    = "Tohoku University",
    address      = "Sendai, Japan",
    pages        = "1-58",
	note = "http://www.tsunami.civil.tohoku.ac.jp/hokusai3/J/projects/manual-ver-3.1.pdf",}

@INPROCEEDINGS{bib2,
	author    = "V.V. Titov",
    title     = "Numerical modeling of tsunami propagation by using variable grid",
    booktitle = "Proceedings of the IUGG/IOC International Tsunami Symposium",
    pages     = "46--51",
    year      = "1989",
    address   = "Novosibirsk, USSR",
    publisher = "Computing Center, Siberian Division, USSR Academy of Sciences",
	}

@BOOK{bib3,
	author = "V.V. Titov and C.E. Synolakis",
	title = "Numerical modeling of tidal wave runup", 
	journal = "Journal of Waterway, Port, Coastal and Ocean Engineering",
	pages = "157--171",
	volume = "124",
	year = "1998",
	}

@BOOK{bib4,
	author = "V. V. Titov",
	title = "Method for numerical modeling of tsunami taking into account the wave transformation in shallow water",
	publisher = "Computing Center, Siberian Division, USSR Academy of Sciences",
	address   = "Novosibirsk, USSR",
	volume = "preprint 771",
	pages = "1-25",
	year = {1988},
	type = "Preprint"
	}

@BOOK{bib5,
	author = "W.H.F. Smith and D. Sandwell",
	title = "Global sea floor topography from satellite altimetry and ship depth soundings",
	journal = "Science",
	volume = "277",
	pages = "1956--1962",
	Year = "1997",
	}

@MISC{bib6,
	title = "Japan Oceanographic Data Center",
	author = "",
	note = "http://www.jodc.go.jp/jodcweb/",
	}

@MISC{bib7,
	title = "Advanced Spaceborne Thermal Emission and Reflection Radiometer (ASTER)",
	author = "",
	note = "https://asterweb.jpl.nasa.gov/gdem.asp",
	}
